<record><leader>00000cas a2200000 i 4500</leader><controlfield tag="001">930366805</controlfield><controlfield tag="006">m     o  d        </controlfield><controlfield tag="007">cr |||||||||||</controlfield><controlfield tag="008">151125d18441845msuwr neo     0   a0eng  </controlfield><datafield ind1=" " ind2=" " tag="010"><subfield code="a">  2015270703</subfield></datafield><datafield ind1=" " ind2=" " tag="040"><subfield code="a">DLC</subfield><subfield code="b">eng</subfield><subfield code="e">rda</subfield><subfield code="c">DLC</subfield><subfield code="d">OCLCO</subfield><subfield code="d">OCLCF</subfield></datafield><datafield ind1="0" ind2=" " tag="022"><subfield code="a">2469-6498</subfield><subfield code="2">1</subfield></datafield><datafield ind1=" " ind2=" " tag="042"><subfield code="a">pcc</subfield><subfield code="a">nsdp</subfield></datafield><datafield ind1=" " ind2=" " tag="043"><subfield code="a">n-us-ms</subfield></datafield><datafield ind1="1" ind2="0" tag="050"><subfield code="a">ISSN RECORD</subfield></datafield><datafield ind1="1" ind2="0" tag="082"><subfield code="a">071</subfield><subfield code="2">23</subfield></datafield><datafield ind1="0" ind2=" " tag="130"><subfield code="a">Jeffersonian (Kosciusko, Miss.)</subfield></datafield><datafield ind1=" " ind2="0" tag="222"><subfield code="a">Jeffersonian</subfield><subfield code="b">(Kosciusko, Miss. Online)</subfield></datafield><datafield ind1="1" ind2="0" tag="245"><subfield code="a">Jeffersonian.</subfield></datafield><datafield ind1=" " ind2="1" tag="264"><subfield code="a">Kosciusko, Mississippi :</subfield><subfield code="b">Richard Jacobs,</subfield><subfield code="c">-1845.</subfield></datafield><datafield ind1=" " ind2=" " tag="300"><subfield code="a">1 online resource</subfield></datafield><datafield ind1=" " ind2=" " tag="310"><subfield code="a">Weekly</subfield></datafield><datafield ind1=" " ind2=" " tag="336"><subfield code="a">text</subfield><subfield code="b">txt</subfield><subfield code="2">rdacontent</subfield></datafield><datafield ind1=" " ind2=" " tag="337"><subfield code="a">computer</subfield><subfield code="b">c</subfield><subfield code="2">rdamedia</subfield></datafield><datafield ind1=" " ind2=" " tag="338"><subfield code="a">online resource</subfield><subfield code="b">cr</subfield><subfield code="2">rdacarrier</subfield></datafield><datafield ind1="1" ind2=" " tag="362"><subfield code="a">Began in 1844; ceased with volume I, number 52 (July 12, 1845).</subfield></datafield><datafield ind1=" " ind2=" " tag="500"><subfield code="a">Published in Kosciusko Apr.-July 1844; in Macon, Miss. thereafter.</subfield></datafield><datafield ind1=" " ind2=" " tag="588"><subfield code="a">Description based on: Volume I, number 18 (May 11, 1844); title from masthead (Chroniclingamerica.loc.gov, viewed November 25, 2015).</subfield></datafield><datafield ind1=" " ind2=" " tag="588"><subfield code="a">Latest issue consulted: Volume I, number 52 (July 12, 1845) (Chroniclingamerica.loc.gov, viewed November 25, 2015).</subfield></datafield><datafield ind1=" " ind2="0" tag="651"><subfield code="a">Kosciusko (Miss.)</subfield><subfield code="v">Newspapers.</subfield></datafield><datafield ind1=" " ind2="0" tag="651"><subfield code="a">Macon (Miss.)</subfield><subfield code="v">Newspapers.</subfield></datafield><datafield ind1=" " ind2="7" tag="655"><subfield code="a">Newspapers.</subfield><subfield code="2">fast</subfield><subfield code="0">(OCoLC)fst01423814</subfield></datafield><datafield ind1=" " ind2="7" tag="651"><subfield code="a">Mississippi</subfield><subfield code="z">Kosciusko.</subfield><subfield code="2">fast</subfield><subfield code="0">(OCoLC)fst01229635</subfield></datafield><datafield ind1=" " ind2="7" tag="651"><subfield code="a">Mississippi</subfield><subfield code="z">Macon.</subfield><subfield code="2">fast</subfield><subfield code="0">(OCoLC)fst01219912</subfield></datafield><datafield ind1=" " ind2=" " tag="752"><subfield code="a">United States</subfield><subfield code="b">Mississippi</subfield><subfield code="c">Attala</subfield><subfield code="d">Kosciusko.</subfield></datafield><datafield ind1=" " ind2=" " tag="752"><subfield code="a">United States</subfield><subfield code="b">Mississippi</subfield><subfield code="c">Noxubee</subfield><subfield code="d">Macon.</subfield></datafield><datafield ind1="0" ind2="8" tag="776"><subfield code="i">Originally issued in print:</subfield><subfield code="t">Jeffersonian (Kosciusko, Miss.)</subfield><subfield code="x">2469-648X</subfield><subfield code="w">(DLC)sn 87065297</subfield><subfield code="w">(OCoLC)15527837</subfield></datafield><datafield ind1="0" ind2="0" tag="780"><subfield code="t">Jeffersonian Democrat (Kosciusko, Miss.)</subfield></datafield><datafield ind1="4" ind2="0" tag="856"><subfield code="u">http://www.loc.gov/chroniclingamerica/lccn/sn87065297/issues</subfield></datafield></record>